@LanguageResource{Speecon,
    author = "{Speecon Consortium}",
    title = "Catalan Speecon database",
    publisher = "Speecon Project, distributed via ELRA: ELRA-Id S0327",
    year = "2011",
    series = "Speecon resources",
    edition = "1.0",
	islrn = "935-211-147-357-5",
}
@LanguageResource{EMILLE,
    author = "{McEnery A. et. al.}",
    title = "The EMILLE/CIIL Corpus",
    publisher = "distributed via ELRA: ELRA-Id W0037",
    year = "2004",
    islrn = "039-846-040-604-0",
}

@LanguageResource{Orientel,
    author = "{Khalid Choukri and Niklas Paullson}",
    title = "The OrienTel Moroccan MCA (Modern Colloquial Arabic) database",
    publisher = "distributed via ELRA: ELRA-Id ELRA-S0183",
    year = "2004",
    islrn = " 613-578-868-832-2",
}


@InCollection{Dybo2008,
  author    = {Dybo, Anna and Starostin, George S},
  title     = {{I}n defense of the comparative method, or the end of the {V}ovin controversy},
  year      = {2008},
  editor    = {Smirnov, I. S.},
  publisher = {RGGU},
  pages     = {119-258},
  address   = {Moscow},
  booktitle = {{A}spekty komparativistiki},
}

@Article{mrbayes3,
  author = 	 {Frederik Ronquist and John P. Huelsenbeck},
  title = 	 {{MrBayes} 3: Bayesian phylogenetic inference under mixed models},
  journal = 	 {Bioinformatics},
  year = 	 2003,
  volume = 	 19,
  number = 	 12,
  pages = 	 {1572--1574}}


@Article{List2019a,
  author     = {List, Johann-Mattis},
  title      = {{A}utomatic inference of sound correspondence patterns across multiple languages},
  journal    = {Computational Linguistics},
  year       = {2019},
  number     = {45},
  pages      = {137-161},
  volume     = {1},
  doi        = {10.1162/coli_a_00344},
  _code      = {https://github.com/lingpy/correspondence-pattern-paper},
  _doi       = {http://doi.org/10.1162/coli_a_00344},
  _pdf       = {http://www.mitpressjournals.org/doi/pdf/10.1162/coli_a_00344},
  _url       = {https://www.mitpressjournals.org/doi/full/10.1162/coli_a_00344},
  groups     = {Papers},
  keywords   = {_calc, _usesLingPy, correspondence patterns, sound correspondences, automatic sequence comparison},
  sortauthor = {List, 1},
  timestamp  = {2019-08-04},
}

@Book{List2014d,
  author      = {List, Johann-Mattis},
  title       = {{S}equence comparison in historical linguistics},
  publisher   = {D\"usseldorf University Press},
  _code       = {https://doi.org/10.5281/zenodo.11878},
  _doi        = {https://doi.org/10.5281/zenodo.11879},
  _pdf        = {http://dup.oa.hhu.de/244/1/DLS%20%28J.-M.%20List%29%2C%20Vol.%201_Open%20Access.pdf},
  _supplement = {https://doi.org/10.5281/zenodo.11877},
  _url        = {http://sequencecomparison.github.io/},
  address     = {D\"usseldorf},
  groups      = {Papers},
  keywords    = {cognate detection, phonetic alignment, sequence modeling, sound classes, _usesLingPy, gold standard},
  owner       = {mattis},
  sortauthor  = {a4XXX},
  timestamp   = {2019-08-04},
  year        = {2014},
}

@book{LingRex,
  author    = {Johann-Mattis List},
  title     = {{L}ing{R}ex: {L}inguistic {R}econstruction with {L}ing{P}y},
  year      = {2018},
  url       = {https://doi.org/10.5281/zenodo.1544944},
  version   = {0.1.1},
  address   = {Jena},
  doi       = {10.5281/zenodo.1544944},
  groups    = {Software},
  publisher = {Max Planck Institute for the Science of Human History},
  timestamp = {2019-10-12},
}

@book{LingPy,
  author    = {List, Johann-Mattis and Greenhill, Simon and Tresoldi, Tiago and Forkel, Robert},
  title     = {{L}ing{P}y. {A} {P}ython library for quantitative tasks in historical linguistics},
  year      = {2019},
  url       = {http://lingpy.org},
  version   = {2.6.5},
  address   = {Jena},
  groups    = {Software},
  publisher = {Max Planck Institute for the Science of Human History},
  timestamp = {2019-10-12},
}


@Article{Forkel2018a,
  author     = {Forkel, Robert and List, Johann-Mattis and Greenhill, Simon J. and Rzymski, Christoph and Bank, Sebastian and Cysouw, Michael and Hammarstr\"om, Harald and Haspelmath, Martin and Kaiping, Gereon A. and Gray, Russell D.},
  title      = {{C}ross-{L}inguistic {D}ata {F}ormats, advancing data sharing and re-use in comparative linguistics},
  journal    = {Scientific Data},
  year       = {2018},
  number     = {180205},
  pages      = {1-10},
  volume     = {5},
  _doi       = {https://doi.org/10.1038/sdata.2018.205},
  _pdf       = {https://www.nature.com/articles/sdata2018205.pdf},
  _url       = {https://www.nature.com/articles/sdata2018205},
  abstract   = {The amount of available digital data for the languages of the world is constantly increasing. Unfortunately, most of the digital data are provided in a large variety of formats and therefore not amenable for comparison and re-use. The Cross-Linguistic Data Formats initiative proposes new standards for two basic types of data in historical and typological language comparison (word lists, structural datasets) and a framework to incorporate more data types (e.g. parallel texts, and dictionaries). The new specification for cross-linguistic data formats comes along with a software package for validation and manipulation, a basic ontology which links to more general frameworks, and usage examples of best practices.},
  groups     = {Papers},
  keywords   = {cross-linguistic data formats, standardization, _calc, reproducibility},
  sortauthor = {List, 9},
  timestamp  = {2019-08-04},
}


@InProceedings{Rama2019,
  author     = {Rama, Taraka and List, Johann-Mattis},
  title      = {{A}n automated framework for fast cognate detection and {B}ayesian phylogenetic inference in computational historical linguistics},
  booktitle  = {57th {A}nnual {M}eeting of the {A}ssociation for {C}omputational {L}inguistics},
  year       = {2019},
  eventdate  = {2019-07-29/2019-08-02},
  venue      = {Florence},
  publisher  = {Association for Computational Linguistics},
  pages      = {6225–6235},
  _code      = {https://doi.org/10.5281/zenodo.3237508},
  _doi       = {https://doi.org/10.17617/2.3149452},
  _pdf       = {https://www.aclweb.org/anthology/P19-1627},
  _url       = {https://www.aclweb.org/anthology/papers/P/P19/P19-1627/},
  groups     = {Papers},
  keywords   = {_calc, _usesLingPy, cognate detection, phylogenetic inference, optimization},
  sortauthor = {List, 5},
  timestamp  = {2019-08-04},
}


@article{Kolipakam2018,
    author = {Vishnupriya Kolipakam and Fiona M. Jordan and Michael Dunn and Simon J. Greenhill and Remco Bouckaert and Russell D. Gray and Annemarie Verkerk},
    journal = {Royal Society Open Science},
    number = {171504},
    pages = {1-17},
    title = {A {Bayesian} phylogenetic study of the {Dravidian} language family},
    volume = {5},
    year = {2018}
}

@article{Sagart2019,
    author = {Sagart, Laurent and Jacques, Guillaume and Lai, Yunfan and Ryder, Robin and Thouzeau, Valentin and Greenhill, Simon J. and List, Johann-Mattis},
    doi = {https://doi.org/10.1073/pnas.1817972116},
    journal = {Proceedings of the National Academy of Science of the United States of America},
    pages = {10317-10322},
    title = {Dated language phylogenies shed light on the ancestry of Sino-Tibetan},
    url = {https://www.pnas.org/content/early/2019/04/30/1817972116},
    volume = {116},
    year = {2019}
}

@article{Holm2007,
    author = {Holm, Hans J.},
    journal = {Journal of Quantitative Linguistics},
    number = {2-3},
    pages = {167-214},
    title = {The new arboretum of {Indo-European} trees},
    volume = {14},
    year = {2007}
}

@article{Wheeler2015b,
    author = {Wheeler, W. C. and Whiteley, Peter M.},
    journal = {Cladistics},
    number = {2},
    pages = {113-125},
    title = {Historical linguistics as a sequence optimization problem: the evolution and biogeography of Uto-Aztecan languages},
    volume = {31},
    year = {2015}
}


@InProceedings{List2016g,
  author       = {List, Johann-Mattis and Lopez, Philippe and Bapteste, Eric},
  booktitle    = {{P}roceedings of the {A}ssociation of {C}omputational {L}inguistics 2016 ({V}olume 2: {S}hort {P}apers)},
  title        = {{U}sing sequence similarity networks to identify partial cognates in multilingual wordlists},
  organization = {Association of Computational Linguistics},
  pages        = {599-605},
  _code        = {https://github.com/lingpy/partial-cognate-detection},
  _pdf         = {http://aclweb.org/anthology/P/P16/P16-2097.pdf},
  _supplement  = {https://zenodo.org/record/51328},
  _url         = {http://anthology.aclweb.org/P16-2097},
  address      = {Berlin},
  groups       = {Papers},
  keywords     = {similarity networks, cognate detection, etymological relations, _usesLingPy},
  owner        = {mattis},
  sortauthor   = {Dummy, D},
  timestamp    = {2019-08-04},
  year         = {2016},
}


@article{Hruschka2015,
    author = {Hruschka, D. J. and Branford, S. and Smith, E. D. and Wilkins, J. and Meade, A. and Pagel, M. and Bhattacharya, T.},
    journal = {Curr. Biol.},
    number = {1},
    pages = {1-9},
    title = {Detecting regular sound changes in linguistics as events of concerted evolution},
    volume = {25},
    year = {2015}
}

@article{hruschka2015detecting,
  title={Detecting regular sound changes in linguistics as events of concerted evolution},
  author={Hruschka, Daniel J and Branford, Simon and Smith, Eric D and Wilkins, Jon and Meade, Andrew and Pagel, Mark and Bhattacharya, Tanmoy},
  journal={Current Biology},
  volume={25},
  number={1},
  pages={1--9},
  year={2015},
  publisher={Elsevier}
}

@Article{Chacon2015a,
  author     = {Chacon, Thiago Costa and List, Johann-Mattis},
  journal    = {Journal of Language Relationship},
  number     = {3},
  pages      = {177-204},
  title      = {{I}mproved computational models of sound change shed light on the history of the {T}ukanoan languages},
  volume     = {13},
  year       = {2015},
  _code      = {https://zenodo.org/record/45233},
  _demo      = {https://digling.github.io/tukano-paper/},
  _doi       = {https://doi.org/10.31826/jlr-2016-133-404},
  _url       = {https://www.degruyter.com/downloadpdf/j/jlr.2016.13.issue-3-4/jlr-2016-133-404/jlr-2016-133-404.xml},
  abstract   = {There has been much debate regarding the internal history of the Tukanoan languages dur- ing the last four decades, with different classification proposals being based on lexical and phonological data. Here, we present a new classification of the Tukanoan language family based on an improved computational approach which infers phylogenetic trees from pro- posed sound change patterns. In contrast to traditional methods based on the manual identi- fication of shared innovations by experts, our method identifies valid innovations within a parsimony framework. In contrast to existing computational models which are mostly based on binary character states for lexical data, we model sound change patterns as directed weighted transitions between multiple character states. We apply the new approach to a set of 21 extant Tukano languages. Our results confirm the east-west split of the Tukanoan lan- guages which was proposed in the past and suggest a classification which groups Kubeo with Tanimuka on the one hand, and Koreguahe with Maihiki, on the other hand, thus rec- onciling previous classifications. We use this new classification to propose a consensus phy- logeny of Tukanoan in which all automatically inferred shared innovations were manually checked and uncertainties are explicitly displayed. За последние сорок лет внутренняя история языков тукано была в центре множества дискуссий; предлагались самые разные классификации, основанные на лексических и фонологических данных. Данная статья представляет новую классификацию языковой семьи тукано, основанную на улучшенном компьютеризированном подходе, который реконструирует филогенетическое дерево исходя из предлагаемых звуковых изменений. В отличие от традиционного метода, который основан на ручной идентификации общих инноваций лингвистами, новый метод определяет инновации по принципу бережливости (parsimony). В отличие от моделей с бинарными признаками, пользующихся большой популярностью при анализе лексики, звуковые изменения описываются авторами как направленные взвешенные переходы между несколькими состояниями признака. Авторы применяют свой алгоритм к выборке из 21 современного языка семьи тукано. Результаты подтверждают бинарное разделение языков тукано на западную и восточную ветви, которое уже было ранее предложено, а также указывают на генетическую близость между, с одной стороны, языками кубео и танимука, с другой — корегуахе и маихики, таким образом, примиряя друг с другом предыдущие классификации. Авторы используют полученную классификацию для реконструкции консенсусного филогенетического дерева, в котором все общие инновации проверены вручную и для всех неточностей предлагаются детальные объяснения.},
  groups     = {Papers},
  keywords   = {_usesLingPy, phylogenetic reconstruction, Tukano languages, sound change},
  owner      = {mattis},
  sortauthor = {List, C},
  timestamp  = {2019-08-04},
}


@Book{Anttila1972,
  author    = {Anttila, Raimo},
  title     = {{A}n introduction to historical and comparative linguistics},
  year      = {1972},
  publisher = {Macmillan},
  isbn      = {90-272-3556-2},
  address   = {New York},
  keywords  = {historische Linguistik;komparative Methode;Sprachwandel;philologische Rekonstruktion;internal reconstruction;etymology;Linguistik und Biologie;semantic change;Rekonstruktion;phonological reconstruction;semantic reconstruction;grammatical reconstruction},
}


@Article{Dyen1953,
  author          = {Isidore Dyen},
  title           = {[{R}eview] {M}algache et maanjan: {U}ne comparaison linguistique by {O}tto {C}hr. {D}ahl},
  journal         = {Language},
  year            = {1953},
  number          = {4},
  pages           = {577-590},
  url             = {http://www.jstor.org/stable/409983},
  volume          = {29},
  issn            = {00978507, 15350665},
  publisher       = {Linguistic Society of America},
  reviewed-author = {Otto Chr. Dahl},
}



@Article{Ringe2002,
  author  = {Ringe, Donald and Warnow, Tandy and Taylor, Ann},
  title   = {{I}ndo-{E}uropean and computational cladistics},
  journal = {Transactions of the Philological Society},
  year    = {2002},
  number  = {1},
  pages   = {59-129},
  volume  = {100},
}


@article{Chang2015,
    author = {Chang, Will and Cathcart, Chundra and Hall, David and Garret, Andrew},
    journal = {Language},
    number = {1},
    pages = {194-244},
    title = {Ancestry-constrained phylogenetic analysis ssupport the {Indo-European} steppe hypothesis},
    volume = {91},
    year = {2015}
}




@book{Aho:72,
    author  = {Alfred V. Aho and Jeffrey D. Ullman},
    title   = {The Theory of Parsing, Translation and Compiling},
    year    = "1972",
    volume  = "1",
    publisher = {Prentice-Hall},
    address = {Englewood Cliffs, NJ}
}

@book{APA:83,
    author  = {{American Psychological Association}},
    title   = {Publications Manual},
    year    = "1983",
   publisher = {American Psychological Association},
   address = {Washington, DC}
}

@article{Chandra:81,
	author = {Ashok K. Chandra and Dexter C. Kozen and Larry J. Stockmeyer},
	year = "1981",
	title = {Alternation},
	journal = {Journal of the Association for Computing Machinery},
	volume = "28",
	number = "1",
	pages = "114--133",
	doi = "10.1145/322234.322243",
}

@inproceedings{andrew2007scalable,
  title={Scalable training of {L1}-regularized log-linear models},
  author={Andrew, Galen and Gao, Jianfeng},
  booktitle={Proceedings of the 24th International Conference on Machine Learning},
  pages={33--40},
  year={2007},
}

@book{Gusfield:97,
    author  = {Dan Gusfield},
    title   = {Algorithms on Strings, Trees and Sequences},
    year    = "1997",
    publisher = {Cambridge University Press},
    address = {Cambridge, UK}
}

@article{rasooli-tetrault-2015,
    author    = {Mohammad Sadegh Rasooli and Joel R. Tetreault},
    title     = {Yara Parser: {A} Fast and Accurate Dependency Parser},
    journal   = {Computing Research Repository},
    volume    = {arXiv:1503.06733},
    year      = {2015},
    url       = {http://arxiv.org/abs/1503.06733},
    note    = {version 2}
}

@article{Ando2005,
	Acmid = {1194905},
	Author = {Ando, Rie Kubota and Zhang, Tong},
	Issn = {1532-4435},
	Issue_Date = {12/1/2005},
	Journal = {Journal of Machine Learning Research},
	Month = dec,
	Numpages = {37},
	Pages = {1817--1853},
	Publisher = {JMLR.org},
	Title = {A Framework for Learning Predictive Structures from Multiple Tasks and Unlabeled Data},
	Volume = {6},
	Year = {2005}}

@inproceedings{rama2018automatic,
  title={Are Automatic Methods for Cognate Detection Good Enough for Phylogenetic Reconstruction in Historical Linguistics?},
  author={Rama, Taraka and List, Johann-Mattis and Wahle, Johannes and J{\"a}ger, Gerhard},
  booktitle={Proceedings of the 2018 Conference of the North American Chapter of the Association for Computational Linguistics: Human Language Technologies, Volume 2 (Short Papers)},
  pages={393--400},
  year={2018}
}

@Book{Liu2007,
  author    = {Li\'{u}, L\'il\v{i} and W\'{a}ng, H\'{o}ngzh\={o}ng and B\v{a}i, Y\'{i}ng},
  title     = {
	  {X}i\`{a}nd\`{a}i {H}\`{a}ny\v{u} f\={a}ngy\'{a}n h\'{e}x\={i}nc\'{i}, t\`{e}zh\={e}ng c\'{i}j\'{i} 
  [Collection of basic vocabulary words and characteristic dialect words in modern Chinese dialects]},
  year      = {2007},
  publisher = {F\`{e}nghu\'{a}ng},
  address   = {N\'{a}nj\={i}ng},
}

@Book{Walworth2018,
  author    = {Walworth, Mary},
  title     = {{P}olynesian {S}egmented {D}ata ({V}ersion 1) [{D}ata set]},
  year      = {2018},
  publisher = {Max Planck Institute for the Science of Human History},
  doi       = {http://doi.org/10.5281/zenodo.1689909},
  url       = {http://doi.org/10.5281/zenodo.1689909},
  address   = {Jena},
  journal   = {Zenodo},
}

@Book{Allen2007,
  author       = {Allen, Bryan},
  title        = {{B}ai {D}ialect {S}urvey},
  eprint       = {http://www.sil.org/silesr/2007/silesr2007-012.pdf},
  eprinttype   = {PDF},
  publisher    = {SIL International},
  address      = {Dallas},
  entrysubtype = {dict},
  owner        = {mattis},
  shorthand    = {BDS},
  timestamp    = {2010.02.15},
  year         = {2007},
}

@Article{Savelyev2020,
  author    = {Savelyev, Alexander and Robbeets, Martine},
  journal   = {Journal of Language Evolution},
  number    = {1},
  pages     = {39–53},
  title     = {Bayesian phylolinguistics infers the internal structure and the time-depth of the Turkic language family},
  volume    = {5},
  year      = {2020},
  doi       = {10.1093/jole/lzz010},
  timestamp = {2020.03.03},
}

@Article{Robinson2012,
  author    = {Robinson, Laura C and Holton, Gary},
  title     = {{I}nternal classification of the {A}lor-{P}antar language family using computational methods applied to the lexicon},
  journal   = {Language Dynamics and Change},
  year      = {2012},
  number    = {2},
  pages     = {123--149},
  volume    = {2},
  publisher = {Brill},
}

@Article{Ronquist2003,
  author    = {Ronquist, Frederik and Huelsenbeck, J. P.},
  title     = {{M}r{B}ayes 3: {B}ayesian phylogenetic inference under mixed models},
  journal   = {Bioinformatics},
  year      = {2003},
  number    = {12},
  pages     = {1572–1574},
  volume    = {19},
  keywords  = {software-package},
  owner     = {mattis},
  timestamp = {2009.11.04},
}

@Book{Glottolog,
  author    = {Hammarstr\"om, Harald and Haspelmath, Martin and Forkel, Robert},
  title     = {{G}lottolog. {V}ersion 4.1},
  year      = {2019},
  publisher = {Max Planck Institute for the Science of Human History},
  url       = {https://glottolog.org},
  address   = {Jena},
}

@book{Concepticon,
  author    = {Johann Mattis List and Christoph Rzymski and Simon Greenhill and Nathanael Schweikhard and Kristina Pianykh and Annika Tjuka and Mei-Shin Wu and Robert Forkel},
  title     = {{C}oncepticon. {A} resource for the linking of concept lists ({V}ersion 2.3.0)},
  year      = {2020},
  url       = {https://concepticon.clld.org/},
  version   = {2.3.0},
  address   = {Jena},
  doi       = {https://doi.org/10.5281/zenodo.3351275},
  groups    = {Data},
  publisher = {Max Planck Institute for the Science of Human History},
}

@Book{CLTS,
  author    = {List, Johann-Mattis and Anderson, Cormac and Tresoldi, Tiago and Rzymski, Christoph and Greenhill, Simon and Forkel, Robert},
  title     = {{C}ross-{L}inguistic {T}ranscription {S}ystems. {V}ersion 1.3.0.},
  year      = {2019},
  publisher = {Max Planck Institute for the Science of Human History},
  doi       = {10.5281/zenodo.2633838},
  address   = {Jena},
  groups    = {Data},
  timestamp = {2019.11.14},
}

@Article{Anderson2018,
  author     = {Anderson, Cormac and Tresoldi, Tiago and Chacon, Thiago Costa and Fehn, Anne-Maria and Walworth, Mary and Forkel, Robert and List, Johann-Mattis},
  title      = {{A} {C}ross-{L}inguistic {D}atabase of {P}honetic {T}ranscription {S}ystems},
  journal    = {Yearbook of the Poznań Linguistic Meeting},
  year       = {2018},
  number     = {1},
  pages      = {21-53},
  volume     = {4},
  _code      = {https://github.com/cldf/clts/},
  _doi       = {https://doi.org/10.2478/yplm-2018-0002},
  _pdf       = {https://content.sciendo.com/downloadpdf/journals/yplm/4/1/article-p21.xml},
  _url       = {https://clts.clld.org},
  groups     = {Papers},
  keywords   = {_calc, phonetic transcription systems, cross-linguistic database, software API},
  sortauthor = {List, b},
}

@InProceedings{Forkel2020,
  author     = {Forkel, Robert and List, Johann-Mattis},
  booktitle  = {{P}roceedings of the {T}welfth {I}nternational {C}onference on {L}anguage {R}esources and {E}valuation},
  title      = {CLDFBench. Give your Cross-Linguistic data a lift},
  eventdate  = {2020-05-11/2020-05-16)},
  eventtitle = {LREC 2020},
  pages      = {6997‑7004},
  publisher  = {European Language Resources Association (ELRA)},
  venue      = {Marseille},
  _code      = {https://github.com/cldf/cldfbench},
  _draft     = {http://doi.org/10.17613/8t0e-w639},
  _url       = {http://www.lrec-conf.org/proceedings/lrec2020/pdf/2020.lrec-1.864.pdf},
  address    = {Luxembourg},
  groups     = {Papers},
  keywords   = {_usesLingPy, data managment, cross-linguistic datasets, CLDF},
  sortauthor = {List, 3},
  year       = {2020},
}

@Article{Wu2020,
  author     = {Wu, Mei-Shin and Schweikhard, Nathanael E. and Bodt, Timotheus A. and Hill, Nathan W. and List, Johann-Mattis},
  title      = {Computer-Assisted Language Comparison. State of the Art},
  number     = {2},
  pages      = {1-14},
  volume     = {6},
  _code      = {https://github.com/lingpy/workflow-paper},
  _doi       = {https://doi.org/10.5334/johd.12},
  _draft     = {https://doi.org/10.17613/ab09-rj24},
  groups     = {Papers},
  journal    = {Journal of Open Humanities Data},
  keywords   = {_usesLingPy, _calc, _usesEdictor, computer-assisted language comparison, workflows, Hmong-Mien},
  sortauthor = {List, 4},
  year       = {2020},
}

@InProceedings{Hall2010,
  author       = {Hall, David and Klein, Dan},
  title        = {{F}inding cognate groups using phylogenies},
  booktitle    = {{P}roceedings of the 48th {A}nnual {M}eeting of the {A}ssociation for {C}omputational {L}inguistics},
  year         = {2010},
  eventtitle   = {ACL 2010},
  eventdate    = {2010-07-11/2010-07-16},
  venue        = {Uppsala},
  organization = {Association for Computational Linguistics},
  pages        = {1030-1039},
  eprint       = {1858681.1858786},
  eprinttype   = {acm},
  _url         = {http://portal.acm.org/citation.cfm?id=1858681.1858786},
  comment      = {Method works on previously established phylogenetic trees. Apparently, an alignment algorithm is carried out. The scores are determined on the basis of a learning algorithm. It is not clear, how cognates in unrelated families can be identified, or whether this is possible at all.},
}

@Article{Schweikhard2020,
  author     = {Schweikhard, Nathanael E. and List, Johann-Mattis},
  journal    = {SKASE Journal of Theoretical Linguistics},
  number     = {1},
  pages      = {2-26},
  title      = {Developing an annotation framework for word formation processes in comparative linguistics},
  volume     = {17},
  year       = {2020},
  _draft     = {https://doi.org/10.17613/73w9-x654},
  _pdf       = {http://www.skase.sk/Volumes/JTL43/pdf_doc/01.pdf},
  _url       = {http://www.skase.sk/Volumes/JTL43/index.html},
  groups     = {Papers},
  keywords   = {_usesLingPy, _usesEdictor, word formation, annotation, comparative linguistics},
  sortauthor = {List, 7},
}

@Article{Whiteley2019,
  author  = {Peter M. Whiteley and Ming Xue and Ward C. Wheeler},
  journal = {Cladistics},
  pages   = {329-348},
  title   = {Revising the Bantu tree},
  volume  = {35},
  year    = {2019},
  doi     = {https://doi.org/10.1111/cla.12353},
}

@Article{Sankoff1975,
  author    = {Sankoff, David},
  title     = {{M}inimal mutation trees of sequences},
  journal   = {SIAM Journal on Applied Mathematics},
  year      = {1975},
  number    = {1},
  pages     = {35-42},
  volume    = {28},
  month     = {January},
  keywords  = {sequence, alignment},
  owner     = {mattis},
  timestamp = {2009.11.11},
}


@Article{List2016f,
  author     = {List, Johann-Mattis},
  journal    = {Journal of Language Evolution},
  number     = {2},
  pages      = {119-136},
  title      = {{B}eyond cognacy: {H}istorical relations between words and their implication for phylogenetic reconstruction},
  volume     = {1},
  year       = {2016},
  doi        = {10.1093/jole/lzw006},
  _code      = {https://doi.org/10.5281/zenodo.50699},
  _doi       = {https://doi.org/10.1093/jole/lzw006},
  _pdf       = {http://jole.oxfordjournals.org/content/1/2/119.full.pdf},
  _url       = {http://jole.oxfordjournals.org/content/1/2/119},
  groups     = {Papers},
  keywords   = {Chinese dialectology, ancestral state reconstruction, etymological relations, _usesLingPy},
  sortauthor = {Dummy, C},
  timestamp  = {2019-08-04},
}

@Article{Bouckaert2018,
  author  = {Remco R. Bouckaert and Claire Bowern and Quentin D. Atkinson},
  journal = {Nature Ecology and Evolution},
  number  = {3},
  pages   = {741–749},
  title   = {The origin and expansion of Pama–Nyunganlanguages across Australia},
  volume  = {2},
  year    = {2018}, doi = {https://doi.org/10.1038/s41559-018-0489-3}, 
}

@incollection{pagel2006estimating,
  title={Estimating rates of lexical replacement on phylogenetic trees of languages},
  author={Pagel, Mark and Meade, Andrew},
  year={2006},
  publisher={McDonald institute Monographs},
  pages={173--182},
  booktitle={Phylogenetic methods and the prehistory of languages},
 editor={Forster, P. and Renfrew, C.} 
}

@article{atkinson2006old,
  title={How old is the {Indo-European} language family? Illumination or more moths to the flame},
  author={Atkinson, Quentin D and Gray, Russell D},
  journal={Phylogenetic methods and the prehistory of languages},
  volume={91},
  pages={109},
  year={2006},
  publisher={Cambridge: McDonald Institute for Archaeological Research}
}

@article{bouckaert2012mapping,
  title={Mapping the origins and expansion of the {Indo-European} language family},
  author={Bouckaert, Remco and Lemey, Philippe and Dunn, Michael and Greenhill, Simon J and Alekseyenko, Alexander V and Drummond, Alexei J and Gray, Russell D and Suchard, Marc A and Atkinson, Quentin D},
  journal={Science},
  volume={337},
  number={6097},
  pages={957--960},
  year={2012},
  publisher={American Association for the Advancement of Science}
}


@Article{yang1997bayesian,
  Title                    = {{B}ayesian phylogenetic inference using {DNA} sequences: a {M}arkov {C}hain {M}onte {C}arlo method.},
  Author                   = {Yang, Ziheng and Rannala, Bruce},
  Journal                  = {Molecular biology and evolution},
  Number                   = {7},
  Pages                    = {717--724},
  Volume                   = {14},
  Year                     = {1997}
}

@Book{felsenstein2004inferring,
  Title                    = {{I}nferring phylogenies},
  Address                  = {Sunderland, Massachusetts},
  Author                   = {Felsenstein, Joseph},
  Publisher                = {Sinauer Associates},
  Year                     = {2004}
}

@Article{jordan2004graphical,
  Title                    = {{G}raphical models},
  Author                   = {Jordan, Michael I and others},
  Journal                  = {Statistical Science},
  Number                   = {1},
  Pages                    = {140--155},
  Volume                   = {19},
  Year                     = {2004},

  Publisher                = {Institute of Mathematical Statistics}
}

@Article{altekar2004mc3,
  Title                    = {{P}arallel metropolis coupled {M}arkov chain {M}onte {C}arlo for {B}ayesian phylogenetic inference},
  Author                   = {Altekar, Gautam and Dwarkadas, Sandhya and Huelsenbeck, John P and Ronquist, Fredrik},
  Journal                  = {Bioinformatics},
  Number                   = {3},
  Pages                    = {407--415},
  Volume                   = {20},
  Year                     = {2004},

  Publisher                = {Oxford University Press}
}

@incollection{geyer2011importance,
  title={Importance sampling, simulated tempering, and umbrella sampling},
  author={Geyer, Charles J},
  booktitle={Handbook of Markov Chain Monte Carlo},
  pages={295--311},
  year={2011},
  publisher={Chapman \& Hall/CRC, Boca Raton}
}

@article{tawn2020weight,
  title={Weight-preserving simulated tempering},
  author={Tawn, Nicholas G and Roberts, Gareth O and Rosenthal, Jeffrey S},
  journal={Statistics and Computing},
  volume={30},
  number={1},
  pages={27--41},
  year={2020},
  publisher={Springer}
}

@Article{ronquist2012mrbayes,
  Title                    = {{M}r{B}ayes 3.2: efficient {B}ayesian phylogenetic inference and model choice across a large 
model space},
  Author                   = {Ronquist, Fredrik and Teslenko, Maxim and van der Mark, Paul and Ayres, Daniel L and 
Darling, Aaron and H{\"o}hna, Sebastian and Larget, Bret and Liu, Liang and Suchard, Marc A and 
Huelsenbeck, John P},
  Journal                  = {Systematic biology},
  Number                   = {3},
  Pages                    = {539--542},
  Volume                   = {61},
  Year                     = {2012},

  Publisher                = {Oxford University Press}
}

@Article{pompei2011accuracy,
  Title                    = {{O}n the accuracy of language trees},
  Author                   = {Pompei, Simone and Loreto, Vittorio and Tria, Francesca},
  Journal                  = {PloS one},
  Number                   = {6},
  Pages                    = {e20109},
  Volume                   = {6},
  Year                     = {2011},

  Publisher                = {Public Library of Science}
}

@Article{lakner2008efficiency,
  Title                    = {{E}fficiency of {M}arkov chain {M}onte {C}arlo tree proposals in {B}ayesian 
phylogenetics},
  Author                   = {Lakner, Clemens and Van Der Mark, Paul and Huelsenbeck, John P and 
Larget, Bret and Ronquist, Fredrik},
  Journal                  = {Systematic biology},
  Number                   = {1},
  Pages                    = {86--103},
  Volume                   = {57},
  Year                     = {2008},

  Publisher                = {Oxford University Press}
}

@Article{christiansen2006fast,
  Title                    = {{F}ast calculation of the quartet distance between trees of arbitrary degrees},
  Author                   = {Christiansen, Chris and Mailund, Thomas and Pedersen, Christian NS and
Randers, Martin and Stissing, Martin Stig},
  Journal                  = {Algorithms for Molecular Biology},
  Number                   = {1},
  Volume                   = {1},
  Year                     = {2006},

  Publisher                = {BioMed Central Ltd}
}

@Article{lewis2001likelihood,
  Title                    = {{A} likelihood approach to estimating phylogeny from discrete morphological character data},
  Author                   = {Lewis, Paul O.},
  Journal                  = {Systematic Biology},
  Number                   = {6},
  Pages                    = {913--925},
  Volume                   = {50},
  Year                     = {2001},

  Publisher                = {Oxford University Press}
}

@Article{yang1994maximum,
  Title                    = {{M}aximum likelihood phylogenetic estimation from {DNA} sequences with variable rates over sites: {A}pproximate methods},
  Author                   = {Yang, Ziheng},
  Journal                  = {Journal of Molecular evolution},
  Number                   = {3},
  Pages                    = {306--314},
  Volume                   = {39},
  Year                     = {1994},

  Publisher                = {Springer}
}

@inproceedings{geyer1991markov,
  title={Markov chain Monte Carlo maximum likelihood},
  author={Geyer, Charles J},
  booktitle={Computing science and statistics: Proceedings of 23rd Symposium on the Interface Interface Foundation, Fairfax Station, 1991},
  pages={156--163},
  year={1991}
}

@article{geyer1995annealing,
  title={Annealing Markov chain Monte Carlo with applications to ancestral inference},
  author={Geyer, Charles J and Thompson, Elizabeth A},
  journal={Journal of the American Statistical Association},
  volume={90},
  number={431},
  pages={909--920},
  year={1995},
  publisher={Taylor \& Francis}
}

@article{marinari1992simulated,
  title={Simulated tempering: a new Monte Carlo scheme},
  author={Marinari, Enzo and Parisi, Giorgio},
  journal={EPL (Europhysics Letters)},
  volume={19},
  number={6},
  pages={451},
  year={1992},
  publisher={IOP Publishing}
}

@article{zhang2012robustness,
  title={Robustness of compound Dirichlet priors for Bayesian inference of branch lengths},
  author={Zhang, Chi and Rannala, Bruce and Yang, Ziheng},
  journal={Systematic Biology},
  volume={61},
  number={5},
  pages={779--784},
  year={2012},
  publisher={Oxford University Press}
}

@article{kass1995bayes,
  title={Bayes factors},
  author={Kass, Robert E and Raftery, Adrian E},
  journal={Journal of the american statistical association},
  volume={90},
  number={430},
  pages={773--795},
  year={1995},
  publisher={Taylor \& Francis}
}

@book{CampbellPoser2008, 
place={Cambridge}, 
title={Language Classification: History and Method},
DOI={10.1017/CBO9780511486906}, 
publisher={Cambridge University Press},
author={Campbell, Lyle and Poser, William J.}, 
year={2008}}

@book{meillet1967,
  author    = {Meillet, Antoine},
  publisher = {Champion},
  title     = {The Comparative Method in Historical Linguistics},
  year      = {1967},
  inlg      = {English [eng]},
  location  = {Paris},
  src       = {langsci}
}

@article{heled2013looking,
  title={Looking for trees in the forest: summary tree from posterior samples},
  author={Heled, Joseph and Bouckaert, Remco R},
  journal={BMC evolutionary biology},
  volume={13},
  number={1},
  pages={221},
  year={2013},
  publisher={Springer}
}

@article{estabrook1985comparison,
  title={Comparison of undirected phylogenetic trees based on subtrees of four evolutionary units},
  author={Estabrook, George F and McMorris, FR and Meacham, Christopher A},
  journal={Systematic Zoology},
  volume={34},
  number={2},
  pages={193--200},
  year={1985},
  publisher={Society of Systematic Zoology}
}